This file was created with JabRef 2.1 beta 2.
Encoding: GB2312

@book{kottwitz2011latex,
  title={LaTeX Beginner's Guide},
  author={Kottwitz, S.},
  isbn={9781847199867},
  url={http://books.google.com.hk/books?id=rB1Cb62dVnUC},
  year={2011},
  publisher={Packt Publishing}
}

@ARTICLE{idlemem,
  author = {A. Acharya and S. Setia},
  title = {Availability and Utility of Idle Memory in Workstation Clusters},
  journal = {ACM SIGMETRICS Performance Evaluation Review},
  year = {1999}
}
%期刊文章

@TECHREPORT{sigsegv,
  author = {E. A. Anderson and J. M. Neefe},
  title = {An Exploration of Network RAM},
  institution = {UC Berkley},
  year = {1994},
  number = {CSD-98-1000},
  month = dec
}
%技术报告？

@ARTICLE{Myrinet,
  author = {N.J. Boden and D. Cohen and R.E. Felderman and A.E. Kulawik and C.
	L. Seitz and J.N. Seizovic and W. Su},
  title = {Myrinet: A Gigabit-per-Second Local Area Network},
  journal = {IEEE Micro},
  year = {1995},
  volume = {15},
  pages = {29--36},
  number = {1}
}
%期刊文章

@BOOK{ulk3rd,
  title = {Understanding the Linux Kernel},
  publisher = {O'{\MakeUppercase{R}}eilly},
  year = {2005},
  author = {Daniel P. Bovet and Marco Cesati},
  edition = {3rd},
  booktitle = {Understanding the Linux Kernel},
  isbn = {0-596-00565-2}
}
%书籍

@BOOK{ldd3rd,
  title = {Linux Device Drivers},
  publisher = {O'{\MakeUppercase{R}}eilly},
  year = {2005},
  author = {Jonathan Corbet and Alessandro Rubini and Greg Kroah-Hartman},
  edition = {3rd},
  booktitle = {Linux Device Drivers}
}
%书籍

@ARTICLE{GMM,
  author = {M. J. Feeley and W. E. Morgan and F. H. Pighin and A. R. Karlin and
	H. M. Levy and C. A. Thekkath},
  title = {Implementing Global Memory Management in a Workstation Cluster},
  journal = {ACM SIGOPS Operating Systems Review},
  year = {1995},
  pages = {201--212}
}
%期刊文章

@ARTICLE{nrd,
  author = {M. D. Flouris and E. P. Markatos},
  title = {The Network RamDisk: Using Remote Memory on Heterogeneous NOWs},
  journal = {Cluster Computing},
  year = {1999},
  volume = {2},
  pages = {281--293},
  number = {4}
}
%期刊文章

@INPROCEEDINGS{1992GMM,
  author = {M. J. Frankling and M. J. Carey and M. Livny},
  title = {Globla memory management in client-server DBMS architectures},
  booktitle = {Proceeding of the 18th VLDB Conference},
  year = {1992},
  month = aug
}
%会议论文？

@INPROCEEDINGS{iSCSIIOprof,
  author = {Jizhong Han and Dan Zhou and Xubin He and Jinzhu Gao},
  title = {I/{\MakeUppercase{O}} Profiling for Distributed IP Storage Systems},
  booktitle = {Proceeding of The Second International Conference on Embedded Software
	and Systems},
  year = {2005},
  month = dec
}

@INPROCEEDINGS{icache1,
  author = {X. He and Q. Yang and M. Zhang},
  title = {A Caching Strategy to Improve iSCSI Performance},
  booktitle = {Proceeding of Local Computer Networks},
  year = {2002}
}

@MASTERSTHESIS{NFS,
  author = {M. R. Hines and M. Lewandowski and K. Gopalan},
  title = {Anemone: Adaptive Network Memory Engine},
  school = {Florida State University},
  year = {2003}
}
%硕士论文

@INPROCEEDINGS{memserver,
  author = {L. Iftode and K. Li and K. Petersen},
  title = {Memory Servers for Multicomputers},
  booktitle = {Proceeding of the IEEE Spring COMPCON 93},
  year = {1993},
  pages = {538-547},
  month = feb
}

@INPROCEEDINGS{dodo,
  author = {S. Koussih and A. Acharyam, S. Setia},
  title = {Dodo:A User-level System for Exploiting Idle Memory in Workstation
	Clusters},
  booktitle = {Proceeding of the Eighth IEEE International Symposium on High Performance
	Distributed Computing},
  year = {1999}
}

@ARTICLE{HPBD,
  author = {S. Liang and R. Notonha and D. K. Panda},
  title = {Swapping to Remote Memory over InfiniBand: An Approach using a High
	Performance Network Block Device},
  journal = {IEEE Cluster Computing},
  year = {2005},
  month = sep
}
%期刊文章

@BOOK{lkd2nd,
  title = {Linux Kernel Development},
  publisher = {Sams Publishing},
  year = {2005},
  author = {Robert Love},
  edition = {2nd},
  booktitle = {Linux Kernel Development},
  isbn = {0-672-32720-1}
}
%书籍

@INPROCEEDINGS{rrmp,
  author = {E. P. Markatos and G. Dramitions},
  title = {Implementation of a Reliable Remote Memory Pager},
  booktitle = {Proceeding of the 1996 Usenix Technical Conference},
  year = {1996}
}

@OTHER{stream,
  author = {John McCalpin},
  etype = {CP},
  howpublished = {http://www.streambench.org},
  title = {Streambenchmark},
  url = {http://www.streambench.org}
}
%其他

@INPROCEEDINGS{Nswap,
  author = {T. Newhall and S. Finney and K. Ganchevm and M. Spiegel},
  title = {Nswap:A Network Swapping Module for Linux Clusters},
  booktitle = {Proceeding of Euro-Par'03 International Conference on Parallel and
	Distributed Computing},
  year = {2003},
  address = {Klagenfurt, Austria},
  month = aug
}

@INPROCEEDINGS{manager,
  author = {J. Oleszkiewicz and L. Xiao and Y. Liu},
  title = {Parallel Network RAM: Effectively Utilizing Global Cluster memory
	for Large Data-Intensive Parallel Programs},
  booktitle = {Proceeding of International Conference on Parallel Proceeding},
  year = {2004},
  pages = {577-592}
}

@ARTICLE{Quadrics,
  author = {Fabrizio Petrini and Eitan Frachtenberg and Adolfy Hoisie and Salvador
	Coll},
  title = {Performance Evaluation of the Quadrics Interconnection Network},
  journal = {Journal of Cluster Computing},
  year = {2003},
  volume = {6},
  pages = {125--142},
  number = {2},
  month = apr
}
%期刊文章

@INPROCEEDINGS{NBD,
  author = {Sun, H. Tang and M. Chen and J. Fan},
  title = {A Scalable Dynamic Network Memory Service System},
  booktitle = {Proceeding of High-Performance Computing in Asia-Pacific Region},
  year = {2005}
}

@INPROCEEDINGS{VMA,
  author = {T. S. Trevisan and V. S. Costal and L. Whately and C. L. Amorim},
  title = {Distributed Shared Memory in Kernel Mode},
  booktitle = {Proceeding of Computer Architecture and High Performance Computing},
  year = {2002}
}

@ARTICLE{bigmem,
  author = {L. Xiao and S. Chen and X. Zhang},
  title = {Adaptive Memory Allocations in Clusters to Handle Unexpctedly Large
	Data-Intensive Jobs},
  journal = {IEEE Transactions on Parallel and Distributed Systems},
  year = {2004},
  volume = {15},
  pages = {577-592},
  number = {6},
  month = jun
}
%期刊文章

@OTHER{IB,
  etype = {OL},
  howpublished = {http://www.infinibandta.org/spec},
  key = {ITA},
  organization = {InfiniBand Trade Association},
  title = {The InfiniBand Architecture},
  url = {http://www.infinibandta.org/spec}
}
%其他

%%
% following are copied from texmf-dist/bibtex/bib/base/xampl.bib
% which is recommanded in btxhak.pdf.
%%

% Copyright (C) 1988, 2010 Oren Patashnik.
% Unlimited copying and redistribution of this file are permitted if it
% is unmodified.  Modifications (and their redistribution) are also
% permitted, as long as the resulting file is renamed.

@preamble{ "\newcommand{\noopsort}[1]{} "
        # "\newcommand{\printfirst}[2]{#1} "
        # "\newcommand{\singleletter}[1]{#1} "
        # "\newcommand{\switchargs}[2]{#2#1} " }

@ARTICLE{article-minimal,
   author = {L[eslie] A. Aamport},
   title = {The Gnats and Gnus Document Preparation System},
   journal = {\mbox{G-Animal's} Journal},
   year = 1986,
}

@ARTICLE{article-full,
   author = {L[eslie] A. Aamport},
   title = {The Gnats and Gnus Document Preparation System},
   journal = {\mbox{G-Animal's} Journal},
   year = 1986,
   volume = 41,
   number = 7,
   pages = "73+",
   month = jul,
   note = "This is a full ARTICLE entry",
}

The KEY field is here to override the KEY field in the journal being
cross referenced (so is the NOTE field, in addition to its imparting
information).

@ARTICLE{article-crossref,
   crossref = {WHOLE-JOURNAL},
   key = "",
   author = {L[eslie] A. Aamport},
   title = {The Gnats and Gnus Document Preparation System},
   pages = "73+",
   note = "This is a cross-referencing ARTICLE entry",
}

@ARTICLE{whole-journal,
   key = "GAJ",
   journal = {\mbox{G-Animal's} Journal},
   year = 1986,
   volume = 41,
   number = 7,
   month = jul,
   note = {The entire issue is devoted to gnats and gnus
                (this entry is a cross-referenced ARTICLE (journal))},
}

@INBOOK{inbook-minimal,
   author = "Donald E. Knuth",
   title = "Fundamental Algorithms",
   publisher = "Addison-Wesley",
   year = "\noopsort{1973b}1973",
   chapter = "1.2",
}

@INBOOK{inbook-full,
   author = "Donald E. Knuth",
   title = "Fundamental Algorithms",
   volume = 1,
   series = "The Art of Computer Programming",
   publisher = "Addison-Wesley",
   address = "Reading, Massachusetts",
   edition = "Second",
   month = "10~" # jan,
   year = "\noopsort{1973b}1973",
   type = "Section",
   chapter = "1.2",
   pages = "10--119",
   note = "This is a full INBOOK entry",
}

@INBOOK{inbook-crossref,
   crossref = "whole-set",
   title = "Fundamental Algorithms",
   volume = 1,
   series = "The Art of Computer Programming",
   edition = "Second",
   year = "\noopsort{1973b}1973",
   type = "Section",
   chapter = "1.2",
   note = "This is a cross-referencing INBOOK entry",
}

@BOOK{book-minimal,
   author = "Donald E. Knuth",
   title = "Seminumerical Algorithms",
   publisher = "Addison-Wesley",
   year = "\noopsort{1973c}1981",
}

@BOOK{book-full,
   author = "Donald E. Knuth",
   title = "Seminumerical Algorithms",
   volume = 2,
   series = "The Art of Computer Programming",
   publisher = "Addison-Wesley",
   address = "Reading, Massachusetts",
   edition = "Second",
   month = "10~" # jan,
   year = "\noopsort{1973c}1981",
   note = "This is a full BOOK entry",
}

@BOOK{book-crossref,
   crossref = "whole-set",
   title = "Seminumerical Algorithms",
   volume = 2,
   series = "The Art of Computer Programming",
   edition = "Second",
   year = "\noopsort{1973c}1981",
   note = "This is a cross-referencing BOOK entry",
}

@BOOK{whole-set,
   author = "Donald E. Knuth",
   publisher = "Addison-Wesley",
   title = "The Art of Computer Programming",
   series = "Four volumes",
   year = "\noopsort{1973a}\switchargs{--90}{1968}",
   note = "Seven volumes planned (this is a cross-referenced set of BOOKs)",
}

@BOOKLET{booklet-minimal,
   key = "Kn{\printfirst{v}{1987}}",
   title = "The Programming of Computer Art",
}

@BOOKLET{booklet-full,
   author = "Jill C. Knvth",
   title = "The Programming of Computer Art",
   howpublished = "Vernier Art Center",
   address = "Stanford, California",
   month = feb,
   year = 1988,
   note = "This is a full BOOKLET entry",
}

@INCOLLECTION{incollection-minimal,
   author = "Daniel D. Lincoll",
   title = "Semigroups of Recurrences",
   booktitle = "High Speed Computer and Algorithm Organization",
   publisher = "Academic Press",
   year = 1977,
}

@INCOLLECTION{incollection-full,
   author = "Daniel D. Lincoll",
   title = "Semigroups of Recurrences",
   editor = "David J. Lipcoll and D. H. Lawrie and A. H. Sameh",
   booktitle = "High Speed Computer and Algorithm Organization",
   number = 23,
   series = "Fast Computers",
   chapter = 3,
   type = "Part",
   pages = "179--183",
   publisher = "Academic Press",
   address = "New York",
   edition = "Third",
   month = sep,
   year = 1977,
   note = "This is a full INCOLLECTION entry",
}

@INCOLLECTION{incollection-crossref,
   crossref = "whole-collection",
   author = "Daniel D. Lincoll",
   title = "Semigroups of Recurrences",
   pages = "179--183",
   note = "This is a cross-referencing INCOLLECTION entry",
}

@BOOK{whole-collection,
   editor = "David J. Lipcoll and D. H. Lawrie and A. H. Sameh",
   title = "High Speed Computer and Algorithm Organization",
   booktitle = "High Speed Computer and Algorithm Organization",
   number = 23,
   series = "Fast Computers",
   publisher = "Academic Press",
   address = "New York",
   edition = "Third",
   month = sep,
   year = 1977,
   note = "This is a cross-referenced BOOK (collection) entry",
}

@MANUAL{manual-minimal,
   key = "Manmaker",
   title = "The Definitive Computer Manual",
}

@MANUAL{manual-full,
   author = "Larry Manmaker",
   title = "The Definitive Computer Manual",
   organization = "Chips-R-Us",
   address = "Silicon Valley",
   edition = "Silver",
   month = apr # "-" # may,
   year = 1986,
   note = "This is a full MANUAL entry",
}

@MASTERSTHESIS{mastersthesis-minimal,
   author = "{\'{E}}douard Masterly",
   title = "Mastering Thesis Writing",
   school = "Stanford University",
   year = 1988,
}

@MASTERSTHESIS{mastersthesis-full,
   author = "{\'{E}}douard Masterly",
   title = "Mastering Thesis Writing",
   school = "Stanford University",
   type = "Master's project",
   address = "English Department",
   month = jun # "-" # aug,
   year = 1988,
   note = "This is a full MASTERSTHESIS entry",
}

@MISC{misc-minimal,
   key = "Missilany",
   note = "This is a minimal MISC entry",
}

@MISC{misc-full,
   author = "Joe-Bob Missilany",
   title = "Handing out random pamphlets in airports",
   howpublished = "Handed out at O'Hare",
   month = oct,
   year = 1984,
   note = "This is a full MISC entry",
}

@STRING{STOC-key = "OX{\singleletter{stoc}}"}

@STRING{ACM = "The OX Association for Computing Machinery"}

@STRING{STOC = " Symposium on the Theory of Computing"}

@INPROCEEDINGS{inproceedings-minimal,
   author = "Alfred V. Oaho and Jeffrey D. Ullman and Mihalis Yannakakis",
   title = "On Notions of Information Transfer in {VLSI} Circuits",
   booktitle = "Proc. Fifteenth Annual ACM" # STOC,
   year = 1983,
}

@INPROCEEDINGS{inproceedings-full,
   author = "Alfred V. Oaho and Jeffrey D. Ullman and Mihalis Yannakakis",
   title = "On Notions of Information Transfer in {VLSI} Circuits",
   editor = "Wizard V. Oz and Mihalis Yannakakis",
   booktitle = "Proc. Fifteenth Annual ACM" # STOC,
   number = 17,
   series = "All ACM Conferences",
   pages = "133--139",
   month = mar,
   year = 1983,
   address = "Boston",
   organization = ACM,
   publisher = "Academic Press",
   note = "This is a full INPROCEDINGS entry",
}

@INPROCEEDINGS{inproceedings-crossref,
   crossref = "whole-proceedings",
   author = "Alfred V. Oaho and Jeffrey D. Ullman and Mihalis Yannakakis",
   title = "On Notions of Information Transfer in {VLSI} Circuits",
   organization = "",
   pages = "133--139",
   note = "This is a cross-referencing INPROCEEDINGS entry",
}

@PROCEEDINGS{proceedings-minimal,
   key = STOC-key,
   title = "Proc. Fifteenth Annual" # STOC,
   year = 1983,
}

@PROCEEDINGS{proceedings-full,
   editor = "Wizard V. Oz and Mihalis Yannakakis",
   title = "Proc. Fifteenth Annual" # STOC,
   number = 17,
   series = "All ACM Conferences",
   month = mar,
   year = 1983,
   address = "Boston",
   organization = ACM,
   publisher = "Academic Press",
   note = "This is a full PROCEEDINGS entry",
}

@PROCEEDINGS{whole-proceedings,
   key = STOC-key,
   organization = ACM,
   title = "Proc. Fifteenth Annual" # STOC,
   address = "Boston",
   year = 1983,
   booktitle = "Proc. Fifteenth Annual ACM" # STOC,
   note = "This is a cross-referenced PROCEEDINGS",
}

@PHDTHESIS{phdthesis-minimal,
   author = "F. Phidias Phony-Baloney",
   title = "Fighting Fire with Fire: Festooning {F}rench Phrases",
   school = "Fanstord University",
   year = 1988,
}

@PHDTHESIS{phdthesis-full,
   author = "F. Phidias Phony-Baloney",
   title = "Fighting Fire with Fire: Festooning {F}rench Phrases",
   school = "Fanstord University",
   type = "{PhD} Dissertation",
   address = "Department of French",
   month = jun # "-" # aug,
   year = 1988,
   note = "This is a full PHDTHESIS entry",
}

@TECHREPORT{techreport-minimal,
   author = "Tom Terrific",
   title = "An {$O(n \log n / \! \log\log n)$} Sorting Algorithm",
   institution = "Fanstord University",
   year = 1988,
}

@TECHREPORT{techreport-full,
   author = "Tom T{\'{e}}rrific",
   title = "An {$O(n \log n / \! \log\log n)$} Sorting Algorithm",
   institution = "Fanstord University",
   type = "Wishful Research Result",
   number = "7",
   address = "Computer Science Department, Fanstord, California",
   month = oct,
   year = 1988,
   note = "This is a full TECHREPORT entry",
}

@UNPUBLISHED{unpublished-minimal,
   author = "Ulrich {\"{U}}nderwood and Ned {\~N}et and Paul {\={P}}ot",
   title = "Lower Bounds for Wishful Research Results",
   note = "Talk at Fanstord University (this is a minimal UNPUBLISHED entry)",
}

@UNPUBLISHED{unpublished-full,
   author = "Ulrich {\"{U}}nderwood and Ned {\~N}et and Paul {\={P}}ot",
   title = "Lower Bounds for Wishful Research Results",
   month = nov # ", " # dec,
   year = 1988,
   note = "Talk at Fanstord University (this is a full UNPUBLISHED entry)",
}

@MISC{random-note-crossref,
   key = {Volume-2},
   note = "Volume~2 is listed under Knuth \cite{book-full}"
}
